<record><leader>00000cas a22000007a 4500</leader><controlfield tag="001">12212387</controlfield><controlfield tag="008">850628d17931794pauir ne      0    0fre d</controlfield><datafield ind1=" " ind2=" " tag="010"><subfield code="a">sn 85054706 </subfield></datafield><datafield ind1=" " ind2=" " tag="040"><subfield code="a">NPH</subfield><subfield code="b">eng</subfield><subfield code="c">NPH</subfield><subfield code="d">NPX</subfield><subfield code="d">OCLCQ</subfield></datafield><datafield ind1="0" ind2=" " tag="041"><subfield code="a">fre</subfield><subfield code="a">eng</subfield></datafield><datafield ind1=" " ind2=" " tag="042"><subfield code="a">msc</subfield></datafield><datafield ind1=" " ind2="4" tag="050"><subfield code="a">F1923</subfield><subfield code="b">.J67</subfield></datafield><datafield ind1="0" ind2="0" tag="245"><subfield code="a">Journal des re&#769;volutions de la partie franc&#807;aise de Saint-Domingue.</subfield></datafield><datafield ind1="3" ind2="0" tag="246"><subfield code="a">Journal des re&#769;volutions</subfield></datafield><datafield ind1=" " ind2=" " tag="260"><subfield code="a">Philadelphie [i.e. Philadelphia, Pa.] :</subfield><subfield code="b">[publisher not identified]</subfield></datafield><datafield ind1=" " ind2=" " tag="300"><subfield code="a">volumes ;</subfield><subfield code="c">27 cm</subfield></datafield><datafield ind1=" " ind2=" " tag="310"><subfield code="a">Triweekly</subfield></datafield><datafield ind1=" " ind2=" " tag="321"><subfield code="a">Semiweekly,</subfield><subfield code="b">&lt;1793&gt;</subfield></datafield><datafield ind1=" " ind2=" " tag="336"><subfield code="a">text</subfield><subfield code="b">txt</subfield><subfield code="2">rdacontent</subfield></datafield><datafield ind1=" " ind2=" " tag="337"><subfield code="a">unmediated</subfield><subfield code="b">n</subfield><subfield code="2">rdamedia</subfield></datafield><datafield ind1=" " ind2=" " tag="338"><subfield code="a">volume</subfield><subfield code="b">nc</subfield><subfield code="2">rdacarrier</subfield></datafield><datafield ind1="1" ind2=" " tag="362"><subfield code="a">Began in 1793?</subfield><subfield code="z">Cf. Brigham, C.S. Amer. newspapers.</subfield></datafield><datafield ind1="1" ind2=" " tag="362"><subfield code="a">Ceased with Jan. 29, 1794 issue.</subfield><subfield code="z">Cf. Brigham, C.S. Amer. newspapers, additions and corrections.</subfield></datafield><datafield ind1=" " ind2=" " tag="500"><subfield code="a">Published at St. Domingo [i.e. Haiti], &lt;Jan.-Mar. 1793&gt;; at New York, N.Y., Sept. 1793; at Philadelphia, Pa., Sept. 1793-1794. Cf. Brigham, C.S. Amer. newspapers.</subfield></datafield><datafield ind1=" " ind2=" " tag="500"><subfield code="a">Printer: Peter Parent &amp; Co.</subfield></datafield><datafield ind1=" " ind2=" " tag="500"><subfield code="a">Contains: "Introduction a&#768; un ouvrage relatif aux hommes de couleur et ne&#768;gres libres des Antilles," &lt;Jan. 6, 1794&gt;.</subfield></datafield><datafield ind1=" " ind2=" " tag="546"><subfield code="a">In French; some items also in English.</subfield></datafield><datafield ind1=" " ind2=" " tag="588"><subfield code="a">Description based on: Ptie. 2, no 3 (27 sept. 1793).</subfield></datafield><datafield ind1=" " ind2=" " tag="752"><subfield code="a">United States</subfield><subfield code="b">Pennsylvania</subfield><subfield code="c">Philadelphia</subfield><subfield code="d">Philadelphia.</subfield></datafield><datafield ind1=" " ind2=" " tag="752"><subfield code="a">Haiti.</subfield></datafield><datafield ind1=" " ind2=" " tag="752"><subfield code="a">United States</subfield><subfield code="b">New York</subfield><subfield code="c">New York</subfield><subfield code="d">New York.</subfield></datafield><datafield ind1="1" ind2=" " tag="029"><subfield code="a">AU@</subfield><subfield code="b">000025800529</subfield></datafield></record>